%% This BibTeX bibliography file was created using BibDesk.
%% https://bibdesk.sourceforge.io/

%% Created for user at 2020-12-15 07:57:31 +0200 


%% Saved with string encoding Unicode (UTF-8) 



@webpage{Hernia,
	author = {Mayo Clinic Staff},
	date-added = {2020-12-15 07:56:13 +0200},
	date-modified = {2020-12-15 07:57:27 +0200},
	title = {Herniated disk},
	url = {https://www.mayoclinic.org/diseases-conditions/herniated-disk/symptoms-causes/syc-20354095}}

@webpage{Spody,
	author = {Kristeen Moore},
	date-added = {2020-12-15 07:53:22 +0200},
	date-modified = {2020-12-15 07:54:35 +0200},
	month = {September},
	title = {Spondylolisthesis},
	url = {https://www.healthline.com/health/spondylolisthesis},
	year = {2018}}

@url{Data,
	author = {UCI Machine Learning},
	date-added = {2020-12-15 07:49:10 +0200},
	date-modified = {2020-12-15 07:49:53 +0200},
	title = {Biomechanical features of orthopedic patients},
	url = {https://www.kaggle.com/uciml/biomechanical-features-of-orthopedic-patients}}

@electronic{DataSciBook,
	author = {Rafael A. Irizarry},
	date-added = {2020-12-14 22:28:44 +0200},
	date-modified = {2020-12-14 22:30:07 +0200},
	title = {Introduction to Data Science},
	url = {https://rafalab.github.io/dsbook/}}

@url{NNs,
	author = {Tony Yiu},
	date-added = {2020-12-14 22:16:45 +0200},
	date-modified = {2020-12-14 22:18:46 +0200},
	month = {June},
	title = {Understanding Neural Networks},
	url = {https://towardsdatascience.com/understanding-neural-networks-19020b758230},
	year = {2019}}

@webpage{KNN2,
	author = {Onel Harrison},
	date-added = {2020-12-14 22:14:05 +0200},
	date-modified = {2020-12-14 22:16:31 +0200},
	title = {Machine Learning Basics with the K-Nearest Neighbors Algorithm},
	url = {https://towardsdatascience.com/machine-learning-basics-with-the-k-nearest-neighbors-algorithm-6a6e71d01761},
	urldate = {10 September 2018}}

@url{RForest,
	author = {Rukshan Pramoditha},
	date-added = {2020-12-14 22:11:23 +0200},
	date-modified = {2020-12-14 22:13:38 +0200},
	title = {Random forests --- An ensemble of decision trees},
	url = {https://towardsdatascience.com/random-forests-an-ensemble-of-decision-trees-37a003084c6c},
	urldate = {Oct 29}}

@url{NaiveBay,
	date-added = {2020-12-14 22:09:45 +0200},
	date-modified = {2020-12-14 22:10:58 +0200},
	title = {Naive Bayesian},
	url = {https://www.saedsayad.com/naive_bayesian.htm}}

@url{LDA2,
	author = {Marco Peixeiro},
	date-added = {2020-12-14 22:06:34 +0200},
	date-modified = {2020-12-14 22:09:22 +0200},
	title = {The Complete Guide to Classification in Python},
	url = {https://towardsdatascience.com/the-complete-guide-to-classification-in-python-b0e34c92e455},
	urldate = {26 June 2019}}

@url{PCA,
	author = {ProjectPro},
	date-added = {2020-12-14 22:02:24 +0200},
	date-modified = {2020-12-14 22:04:25 +0200},
	title = {Principal Component Analysis Tutorial},
	url = {https://www.dezyre.com/data-science-in-python-tutorial/principal-component-analysis-tutorial#:~:text=The%20main%20idea%20of%20principal,up%20to%20the%20maximum%20extent.&text=As%20a%20layman%2C%20it%20is%20a%20method%20of%20summarizing%20data.},
	urldate = {2020}}

@url{LDA,
	author = {Thushan Ganegedara},
	date-added = {2020-12-14 21:58:35 +0200},
	date-modified = {2020-12-14 22:02:00 +0200},
	title = {Intuitive Guide to Latent Dirichlet Allocation},
	url = {https://towardsdatascience.com/light-on-math-machine-learning-intuitive-guide-to-latent-dirichlet-allocation-437c81220158#:~:text=To%20tell%20briefly%2C%20LDA%20imagines,captured%20by%20those%20imaginary%20topics.}}

@url{Cor,
	author = {Andrews University},
	date-added = {2020-12-14 21:56:02 +0200},
	date-modified = {2020-12-14 21:57:46 +0200},
	title = {Applied Statistics - Lesson 5},
	url = {https://www.andrews.edu/~calkins/math/edrm611/edrm05.htm#:~:text=Correlation%20coefficients%20whose%20magnitude%20are,can%20be%20considered%20highly%20correlated.},
	urldate = {18 July  2005}}

@url{Correlation,
	author = {Eric Heckman},
	date-added = {2020-12-14 21:51:24 +0200},
	date-modified = {2020-12-14 21:54:39 +0200},
	title = {Correlation: What It Shows You (and What It Doesn't)},
	url = {https://blog.minitab.com/blog/starting-out-with-statistical-software/correlation-what-it-shows-you-and-what-it-doesnt},
	urldate = {8 August 2016}}

@url{ROCCurve,
	author = {Sarang Narkhede},
	date-added = {2020-12-14 21:49:20 +0200},
	date-modified = {2020-12-14 21:51:19 +0200},
	lastchecked = {14 December 2020},
	title = {Understanding AUC - ROC Curve},
	url = {https://towardsdatascience.com/understanding-auc-roc-curve-68b2303cc9c5},
	urldate = {26 June 2018}}

@url{KNN,
	author = {Rahul Saxena},
	date-added = {2020-12-14 21:45:32 +0200},
	date-modified = {2020-12-14 21:48:32 +0200},
	lastchecked = {14 December 2020},
	rating = {1},
	read = {0},
	title = {KNN R, K-NEAREST NEIGHBOR IMPLEMENTATION IN R USING CARET PACKAGE},
	url = {https://dataaspirant.com/knn-implementation-r-using-caret-package/},
	urldate = {9 January 2017 }}
